@article{raz,
  title = {Lower Bounds for the Polynomial Calculus},
  author = {Razborov, A.A.},
  date = {1998-12-02},
  journaltitle = {Computational Complexity},
  shortjournal = {Computational Complexity},
  volume = {7},
  number = {4},
  pages = {291--324},
  issn = {1016-3328, 1420-8954},
  doi = {10.1007/s000370050013},
  url = {http://link.springer.com/10.1007/s000370050013},
  urldate = {2022-10-18},
  langid = {english},
  file = {D\:\\Zotero\\storage\\BIQDT3PU\\Razborov - 1998 - Lower bounds for the polynomial calculus.pdf}
}
